<?xml version="1.0" encoding="UTF-8"?><record xmlns="http://www.loc.gov/MARC21/slim" xmlns:cinclude="http://apache.org/cocoon/include/1.0" xmlns:zs="http://www.loc.gov/zing/srw/">
  <leader>00699cz  a2200181n  4500</leader>
  <controlfield tag="001">n  84724704 </controlfield>
  <controlfield tag="003">DLC</controlfield>
  <controlfield tag="005">19910207055530.9</controlfield>
  <controlfield tag="008">860131n| acaabaaa|          |a ana      </controlfield>
  <datafield tag="010" ind1=" " ind2=" ">
    <subfield code="a">n  84724704 </subfield>
  </datafield>
  <datafield tag="040" ind1=" " ind2=" ">
    <subfield code="a">DLC</subfield>
    <subfield code="c">DLC</subfield>
    <subfield code="d">DLC</subfield>
    <subfield code="d">DLC-R</subfield>
  </datafield>
  <datafield tag="130" ind1=" " ind2="0">
    <subfield code="a">Development Centre seminars</subfield>
  </datafield>
  <datafield tag="410" ind1="2" ind2="0">
    <subfield code="a">Organisation for Economic Co-operation and Development.</subfield>
    <subfield code="b">Development Centre.</subfield>
    <subfield code="t">Development Centre seminars</subfield>
  </datafield>
  <datafield tag="643" ind1=" " ind2=" ">
    <subfield code="a">Paris</subfield>
    <subfield code="b">Development Centre of the Organization for Economic Co-operation and Development</subfield>
    <subfield code="a">Washington, D.C.</subfield>
    <subfield code="b">OECD Publications and Information Center, distributor</subfield>
  </datafield>
  <datafield tag="644" ind1=" " ind2=" ">
    <subfield code="a">f</subfield>
    <subfield code="5">DLC</subfield>
  </datafield>
  <datafield tag="645" ind1=" " ind2=" ">
    <subfield code="a">t</subfield>
    <subfield code="5">DLC</subfield>
  </datafield>
  <datafield tag="646" ind1=" " ind2=" ">
    <subfield code="a">s</subfield>
    <subfield code="5">DLC</subfield>
  </datafield>
  <datafield tag="670" ind1=" " ind2=" ">
    <subfield code="a">Crisis and recovery in sub-Saharan Africa, 1985:</subfield>
    <subfield code="b">cover</subfield>
  </datafield>
</record>